@book{gimbutas1974gods,
  title={The Gods and Goddesses of Old Europe: 7000 to 3500 BC myths, legends and cult images},
  author={Gimbutas, Marija and others},
  volume={4},
  year={1974},
  publisher={Univ of California Press}
}

@article{renfrew2001anatolian,
  title={The Anatolian origins of Proto-Indo-European and the autochthony of the Hittites},
  author={Renfrew, Colin and Drews, R},
  journal={Journal of Indo-European Studies},
  pages={36--63},
  year={2001},
}

@article{greenhill2020bayesian,
  title={Bayesian Phylolinguistics},
  author={Greenhill, Simon J and Heggarty, Paul and Gray, Russell D},
  journal={The Handbook of Historical Linguistics},
  volume={2},
  pages={226--253},
  year={2020},
  publisher={Wiley Online Library}
}

@article{chang2015ancestry,
  title={Ancestry-constrained phylogenetic analysis supports the Indo-European steppe hypothesis},
  author={Chang, Will and Hall, David and Cathcart, Chundra and Garrett, Andrew},
  journal={Language},
  pages={194--244},
  year={2015},
  publisher={JSTOR}
}


@article{rama2018three,
  title={Three tree priors and five datasets: A study of Indo-European phylogenetics},
  author={Rama, Taraka},
  journal={Language Dynamics and Change},
  volume={8},
  number={2},
  pages={182--218},
  year={2018},
  publisher={Brill}
}

@article{drummond2005bayesian,
  title={Bayesian coalescent inference of past population dynamics from molecular sequences},
  author={Drummond, Alexei J and Rambaut, Andrew and Shapiro, BETH and Pybus, Oliver G},
  journal={Molecular biology and evolution},
  volume={22},
  number={5},
  pages={1185--1192},
  year={2005},
  publisher={Society for Molecular Biology and Evolution}
}

@article{felsenstein1992phylogenies,
  title={Phylogenies from restriction sites: a maximum-likelihood approach},
  author={Felsenstein, Joseph},
  journal={Evolution},
  volume={46},
  number={1},
  pages={159--173},
  year={1992},
  publisher={Wiley Online Library}
}

@article{chib1995understanding,
  title={Understanding the metropolis-hastings algorithm},
  author={Chib, Siddhartha and Greenberg, Edward},
  journal={The american statistician},
  volume={49},
  number={4},
  pages={327--335},
  year={1995},
  publisher={Taylor \& Francis Group}
}

@book{drummond2015bayesian,
  title={Bayesian evolutionary analysis with BEAST},
  author={Drummond, Alexei J and Bouckaert, Remco R},
  year={2015},
  publisher={Cambridge University Press}
}

@book{felsenstein2004inferring,
  title={Inferring phylogenies},
  author={Felenstein, Joseph},
  volume={2},
  year={2004},
  publisher={Sinauer associates Sunderland, MA}
}

@article{swadesh1955towards,
  title={Towards greater accuracy in lexicostatistic dating},
  author={Swadesh, Morris},
  journal={International journal of American linguistics},
  volume={21},
  number={2},
  pages={121--137},
  year={1955},
  publisher={Indiana University}
}

@article{huelsenbeck2001introduction,
  title={An introduction to Bayesian inference of phylogeny},
  author={Huelsenbeck, John P and Ronquist, F and Hall, B},
  journal={DNA Sequence},
  pages={1--7},
  year={2001}
}

@article{ritchie2019influence,
  title={Influence of the tree prior and sampling scale on Bayesian phylogenetic estimates of the origin times of language families},
  author={Ritchie, Andrew M and Ho, Simon YW},
  journal={Journal of Language Evolution},
  volume={4},
  number={2},
  pages={108--123},
  year={2019},
  publisher={Oxford University Press}
}

@article{heath2014fossilized,
  title={The fossilized birth--death process for coherent calibration of divergence-time estimates},
  author={Heath, Tracy A and Huelsenbeck, John P and Stadler, Tanja},
  journal={Proceedings of the National Academy of Sciences},
  volume={111},
  number={29},
  pages={E2957--E2966},
  year={2014},
  publisher={National Acad Sciences}
}

@article{drummond2006relaxed,
  title={Relaxed phylogenetics and dating with confidence},
  author={Drummond, Alexei J and Ho, Simon YW and Phillips, Matthew J and Rambaut, Andrew},
  journal={PLoS Biol},
  volume={4},
  number={5},
  pages={e88},
  year={2006},
  publisher={Public Library of Science}
}

@article{kingman1982coalescent,
  title={The coalescent},
  author={Kingman, John Frank Charles},
  journal={Stochastic processes and their applications},
  volume={13},
  number={3},
  pages={235--248},
  year={1982},
  publisher={Elsevier}
}

@article{stadler2010sampling,
  title={Sampling-through-time in birth--death trees},
  author={Stadler, Tanja},
  journal={Journal of theoretical biology},
  volume={267},
  number={3},
  pages={396--404},
  year={2010},
  publisher={Elsevier}
}

@article{stadler2013birth,
  title={Birth--death skyline plot reveals temporal changes of epidemic spread in HIV and hepatitis C virus (HCV)},
  author={Stadler, Tanja and K{\"u}hnert, Denise and Bonhoeffer, Sebastian and Drummond, Alexei J},
  journal={Proceedings of the National Academy of Sciences},
  volume={110},
  number={1},
  pages={228--233},
  year={2013},
  publisher={National Acad Sciences}
}

@article{forkel2018cross,
  title={Cross-Linguistic Data Formats, advancing data sharing and re-use in comparative linguistics},
  author={Forkel, Robert and List, Johann-Mattis and Greenhill, Simon J and Rzymski, Christoph and Bank, Sebastian and Cysouw, Michael and Hammarstr{\"o}m, Harald and Haspelmath, Martin and Kaiping, Gereon A and Gray, Russell D},
  journal={Scientific data},
  volume={5},
  number={1},
  pages={1--10},
  year={2018},
  publisher={Nature Publishing Group}
}

@article{zhang2016total,
  title={Total-evidence dating under the fossilized birth--death process},
  author={Zhang, Chi and Stadler, Tanja and Klopfstein, Seraina and Heath, Tracy A and Ronquist, Fredrik},
  journal={Systematic biology},
  volume={65},
  number={2},
  pages={228--249},
  year={2016},
  publisher={Oxford University Press}
}

@article{huelsenbeck2001bayesian,
  title={Bayesian inference of phylogeny and its impact on evolutionary biology},
  author={Huelsenbeck, John P and Ronquist, Fredrik and Nielsen, Rasmus and Bollback, Jonathan P},
  journal={science},
  volume={294},
  number={5550},
  pages={2310--2314},
  year={2001},
  publisher={American Association for the Advancement of Science}
}

@article{ayres2019beagle,
  title={BEAGLE 3: improved performance, scaling, and usability for a high-performance computing library for statistical phylogenetics},
  author={Ayres, Daniel L and Cummings, Michael P and Baele, Guy and Darling, Aaron E and Lewis, Paul O and Swofford, David L and Huelsenbeck, John P and Lemey, Philippe and Rambaut, Andrew and Suchard, Marc A},
  journal={Systematic biology},
  volume={68},
  number={6},
  pages={1052--1061},
  year={2019},
  publisher={Oxford University Press}
}

@article{bouckaert2014beast,
  title={BEAST 2: a software platform for Bayesian evolutionary analysis},
  author={Bouckaert, Remco and Heled, Joseph and K{\"u}hnert, Denise and Vaughan, Tim and Wu, Chieh-Hsi and Xie, Dong and Suchard, Marc A and Rambaut, Andrew and Drummond, Alexei J},
  journal={PLoS Comput Biol},
  volume={10},
  number={4},
  pages={e1003537},
  year={2014},
  publisher={Public Library of Science}
}

@article{huelsenbeck2001mrbayes,
  title={MRBAYES: Bayesian inference of phylogenetic trees},
  author={Huelsenbeck, John P and Ronquist, Fredrik},
  journal={Bioinformatics},
  volume={17},
  number={8},
  pages={754--755},
  year={2001},
  publisher={Oxford University Press}
}

@article{gray2003language,
  title={Language-tree divergence times support the Anatolian theory of Indo-European origin},
  author={Gray, Russell D and Atkinson, Quentin D},
  journal={Nature},
  volume={426},
  number={6965},
  pages={435--439},
  year={2003},
  publisher={Nature Publishing Group}
}

@article{nicholls2008dated,
  title={Dated ancestral trees from binary trait data and their application to the diversification of languages},
  author={Nicholls, Geoff K and Gray, Russell D},
  journal={Journal of the Royal Statistical Society: Series B (Statistical Methodology)},
  volume={70},
  number={3},
  pages={545--566},
  year={2008},
  publisher={Wiley Online Library}
}

@article{ryder2011missing,
  title={Missing data in a stochastic Dollo model for binary trait data, and its application to the dating of Proto-Indo-European},
  author={Ryder, Robin J and Nicholls, Geoff K},
  journal={Journal of the Royal Statistical Society: Series C (Applied Statistics)},
  volume={60},
  number={1},
  pages={71--92},
  year={2011},
  publisher={Wiley Online Library}
}

@article{bouckaert2012mapping,
  title={Mapping the origins and expansion of the Indo-European language family},
  author={Bouckaert, Remco and Lemey, Philippe and Dunn, Michael and Greenhill, Simon J and Alekseyenko, Alexander V and Drummond, Alexei J and Gray, Russell D and Suchard, Marc A and Atkinson, Quentin D},
  journal={Science},
  volume={337},
  number={6097},
  pages={957--960},
  year={2012},
  publisher={American Association for the Advancement of Science}
}

@article{bouckaert2013correction,
  title={Correction to: Mapping the origins and expansion of the indo-european language family},
  author={Bouckaert, Remco and Lemey, Philippe and Dunn, Michael and Greenhill, Simon J and Alekseyenko, Alexander V and Drummond, Alexei J and Gray, Russell D and Suchard, Marc A and Atkinson, Quentin D},
  journal={Science},
  volume={342},
  number={6165},
  pages={1446--1446},
  year={2013}
}

@article{gavryushkina2014bayesian,
  title={Bayesian inference of sampled ancestor trees for epidemiology and fossil calibration},
  author={Gavryushkina, Alexandra and Welch, David and Stadler, Tanja and Drummond, Alexei J},
  journal={PLoS Comput Biol},
  volume={10},
  number={12},
  pages={e1003919},
  year={2014},
  publisher={Public Library of Science}
}

@article{ronquist2012mrbayes,
  title={MrBayes 3.2: efficient Bayesian phylogenetic inference and model choice across a large model space},
  author={Ronquist, Fredrik and Teslenko, Maxim and Van Der Mark, Paul and Ayres, Daniel L and Darling, Aaron and H{\"o}hna, Sebastian and Larget, Bret and Liu, Liang and Suchard, Marc A and Huelsenbeck, John P},
  journal={Systematic biology},
  volume={61},
  number={3},
  pages={539--542},
  year={2012},
  publisher={Oxford University Press}
}

